<record><leader>00000cas a22000007a 4500</leader><controlfield tag="001">41106494</controlfield><controlfield tag="008">990405c18949999sduwr ne      0    0eng d</controlfield><datafield ind1=" " ind2=" " tag="010"><subfield code="a">sn 99062859 </subfield></datafield><datafield ind1=" " ind2=" " tag="040"><subfield code="a">SXN</subfield><subfield code="b">eng</subfield><subfield code="c">SXN</subfield><subfield code="d">OCLCF</subfield><subfield code="d">OCLCO</subfield></datafield><datafield ind1="1" ind2=" " tag="029"><subfield code="a">AU@</subfield><subfield code="b">000020107575</subfield></datafield><datafield ind1=" " ind2=" " tag="042"><subfield code="a">msc</subfield></datafield><datafield ind1="0" ind2="4" tag="245"><subfield code="a">The Onida watchman.</subfield></datafield><datafield ind1=" " ind2=" " tag="260"><subfield code="a">Onida, Sully County, S.D. :</subfield><subfield code="b">J.H. Gropengieser,</subfield><subfield code="c">1894-</subfield></datafield><datafield ind1=" " ind2=" " tag="300"><subfield code="a">v.</subfield></datafield><datafield ind1=" " ind2=" " tag="310"><subfield code="a">Weekly</subfield></datafield><datafield ind1="0" ind2=" " tag="362"><subfield code="a">Vol. 12, no. 14 (July 20, 1894)-</subfield></datafield><datafield ind1=" " ind2=" " tag="530"><subfield code="a">Available on microfilm from: State Archives, South Dakota State Historical Society.</subfield></datafield><datafield ind1=" " ind2=" " tag="580"><subfield code="a">Formed by the union of: Onida journal, and: Sully County watchman.</subfield></datafield><datafield ind1=" " ind2="0" tag="651"><subfield code="a">Onida (S.D.)</subfield><subfield code="v">Newspapers.</subfield></datafield><datafield ind1=" " ind2="0" tag="651"><subfield code="a">Sully County (S.D.)</subfield><subfield code="v">Newspapers.</subfield></datafield><datafield ind1=" " ind2="7" tag="655"><subfield code="a">Newspapers.</subfield><subfield code="2">fast</subfield><subfield code="0">(OCoLC)fst01423814</subfield></datafield><datafield ind1=" " ind2="7" tag="651"><subfield code="a">South Dakota</subfield><subfield code="z">Onida.</subfield><subfield code="2">fast</subfield><subfield code="0">(OCoLC)fst01286014</subfield></datafield><datafield ind1=" " ind2="7" tag="651"><subfield code="a">South Dakota</subfield><subfield code="z">Sully County.</subfield><subfield code="2">fast</subfield><subfield code="0">(OCoLC)fst01215592</subfield></datafield><datafield ind1=" " ind2=" " tag="752"><subfield code="a">United States</subfield><subfield code="b">South Dakota</subfield><subfield code="c">Sully</subfield><subfield code="d">Onida.</subfield></datafield><datafield ind1="1" ind2="4" tag="780"><subfield code="t">Onida journal</subfield><subfield code="w">(DLC)sn 91066987</subfield></datafield><datafield ind1="1" ind2="4" tag="780"><subfield code="t">Sully County watchman</subfield><subfield code="w">(DLC)sn 99062858</subfield></datafield></record>